%% This BibTeX bibliography file was created using BibDesk.
%% http://bibdesk.sourceforge.net/


%% Created for Erik Silkensen at 2012-10-22 01:09:57 -0400 


%% Saved with string encoding Unicode (UTF-8) 



@article{Fischer:1993ys,
	Author = {Fischer, Michael J.},
	Date-Added = {2012-10-13 23:38:49 +0000},
	Date-Modified = {2012-10-13 23:39:29 +0000},
	Journal = {LISP and Symbolic Computation},
	Pages = {259--287},
	Title = {Lambda-Calculus Schemata},
	Volume = {6},
	Year = {1993},
	Bdsk-File-1 = {YnBsaXN0MDDUAQIDBAUIJidUJHRvcFgkb2JqZWN0c1gkdmVyc2lvblkkYXJjaGl2ZXLRBgdUcm9vdIABqAkKFRYXGyIjVSRudWxs0wsMDQ4RElpOUy5vYmplY3RzViRjbGFzc1dOUy5rZXlzog8QgASABoAHohMUgAKAA1lhbGlhc0RhdGFccmVsYXRpdmVQYXRo0hgMGRpXTlMuZGF0YU8RAcIAAAAAAcIAAgAADE1hY2ludG9zaCBIRAAAAAAAAAAAAAAAAAAAAMtppx9IKwAAAA+gchxMYW1iZGEtQ2FsY3VsdXMgU2NoZW1hdGEucGRmAAAAAAAAAAAAAAAAAAAAAAAAAAAAAAAAAAAAAAAAAAAAAAAAZg2zzJ5e/wAAAAAAAAAAAAMAAgAACSAAAAAAAAAAAAAAAAAAAAAGUGFwZXJzABAACAAAy2ntbwAAABEACAAAzJ6XPwAAAAEAEAAPoHIABciZAAXImAAAuVcAAgBJTWFjaW50b3NoIEhEOlVzZXJzOgBFcmlrOgBEb2N1bWVudHM6AFBhcGVyczoATGFtYmRhLUNhbGN1bHVzIFNjaGVtYXRhLnBkZgAADgA6ABwATABhAG0AYgBkAGEALQBDAGEAbABjAHUAbAB1AHMAIABTAGMAaABlAG0AYQB0AGEALgBwAGQAZgAPABoADABNAGEAYwBpAG4AdABvAHMAaAAgAEgARAASADhVc2Vycy9FcmlrL0RvY3VtZW50cy9QYXBlcnMvTGFtYmRhLUNhbGN1bHVzIFNjaGVtYXRhLnBkZgATAAEvAAAVAAIAC///AACABdIcHR4fWCRjbGFzc2VzWiRjbGFzc25hbWWjHyAhXU5TTXV0YWJsZURhdGFWTlNEYXRhWE5TT2JqZWN0XxAsLi4vLi4vLi4vUGFwZXJzL0xhbWJkYS1DYWxjdWx1cyBTY2hlbWF0YS5wZGbSHB0kJaIlIVxOU0RpY3Rpb25hcnkSAAGGoF8QD05TS2V5ZWRBcmNoaXZlcgAIABEAFgAfACgAMgA1ADoAPABFAEsAUgBdAGQAbABvAHEAcwB1AHgAegB8AIYAkwCYAKACZgJoAm0CdgKBAoUCkwKaAqMC0gLXAtoC5wLsAAAAAAAAAgEAAAAAAAAAKAAAAAAAAAAAAAAAAAAAAv4=}}

@inproceedings{Flanagan:1993fk,
	Address = {New York, NY, USA},
	Author = {Flanagan, Cormac and Sabry, Amr and Duba, Bruce F. and Felleisen, Matthias},
	Booktitle = {Proceedings of the ACM SIGPLAN 1993 Conference on Programming Language Design and Implementation},
	Date-Added = {2012-10-05 15:51:23 +0000},
	Date-Modified = {2012-10-05 15:55:03 +0000},
	Pages = {237--247},
	Publisher = {ACM},
	Series = {PLDI '93},
	Title = {The Essence of Compiling with Continuations},
	Year = {1993},
	Bdsk-File-1 = {YnBsaXN0MDDUAQIDBAUIJidUJHRvcFgkb2JqZWN0c1gkdmVyc2lvblkkYXJjaGl2ZXLRBgdUcm9vdIABqAkKFRYXGyIjVSRudWxs0wsMDQ4RElpOUy5vYmplY3RzViRjbGFzc1dOUy5rZXlzog8QgASABoAHohMUgAKAA1lhbGlhc0RhdGFccmVsYXRpdmVQYXRo0hgMGRpXTlMuZGF0YU8RAf4AAAAAAf4AAgAADE1hY2ludG9zaCBIRAAAAAAAAAAAAAAAAAAAAMtppx9IKwAAAA+gch9UaGUgRXNzZW5jZSBvZiBDb21waSM2MDQ0N0MucGRmAAAAAAAAAAAAAAAAAAAAAAAAAAAAAAAAAAAAAAAAAAAAYER8zJR58QAAAAAAAAAAAAMAAgAACSAAAAAAAAAAAAAAAAAAAAAGUGFwZXJzABAACAAAy2ntbwAAABEACAAAzJSyMQAAAAEAEAAPoHIABciZAAXImAAAuVcAAgBMTWFjaW50b3NoIEhEOlVzZXJzOgBFcmlrOgBEb2N1bWVudHM6AFBhcGVyczoAVGhlIEVzc2VuY2Ugb2YgQ29tcGkjNjA0NDdDLnBkZgAOAGAALwBUAGgAZQAgAEUAcwBzAGUAbgBjAGUAIABvAGYAIABDAG8AbQBwAGkAbABpAG4AZwAgAHcAaQB0AGgAIABDAG8AbgB0AGkAbgB1AGEAdABpAG8AbgBzAC4AcABkAGYADwAaAAwATQBhAGMAaQBuAHQAbwBzAGgAIABIAEQAEgBLVXNlcnMvRXJpay9Eb2N1bWVudHMvUGFwZXJzL1RoZSBFc3NlbmNlIG9mIENvbXBpbGluZyB3aXRoIENvbnRpbnVhdGlvbnMucGRmAAATAAEvAAAVAAIAC///AACABdIcHR4fWCRjbGFzc2VzWiRjbGFzc25hbWWjHyAhXU5TTXV0YWJsZURhdGFWTlNEYXRhWE5TT2JqZWN0XxA/Li4vLi4vLi4vUGFwZXJzL1RoZSBFc3NlbmNlIG9mIENvbXBpbGluZyB3aXRoIENvbnRpbnVhdGlvbnMucGRm0hwdJCWiJSFcTlNEaWN0aW9uYXJ5EgABhqBfEA9OU0tleWVkQXJjaGl2ZXIACAARABYAHwAoADIANQA6ADwARQBLAFIAXQBkAGwAbwBxAHMAdQB4AHoAfACGAJMAmACgAqICpAKpArICvQLBAs8C1gLfAyEDJgMpAzYDOwAAAAAAAAIBAAAAAAAAACgAAAAAAAAAAAAAAAAAAANN}}

@inproceedings{Kennedy:2007fk,
	Address = {New York, NY, USA},
	Author = {Kennedy, Andrew},
	Booktitle = {Proceedings of the 12th ACM SIGPLAN International Conference on Functional Programming},
	Date-Added = {2012-10-18 18:55:57 +0000},
	Date-Modified = {2012-10-18 18:57:48 +0000},
	Pages = {177--190},
	Publisher = {ACM},
	Series = {ICFP '07},
	Title = {Compiling with Continuations, Continued},
	Year = {2007},
	Bdsk-File-1 = {YnBsaXN0MDDUAQIDBAUIJidUJHRvcFgkb2JqZWN0c1gkdmVyc2lvblkkYXJjaGl2ZXLRBgdUcm9vdIABqAkKFRYXGyIjVSRudWxs0wsMDQ4RElpOUy5vYmplY3RzViRjbGFzc1dOUy5rZXlzog8QgASABoAHohMUgAKAA1lhbGlhc0RhdGFccmVsYXRpdmVQYXRo0hgMGRpXTlMuZGF0YU8RAfIAAAAAAfIAAgAADE1hY2ludG9zaCBIRAAAAAAAAAAAAAAAAAAAAMtppx9IKwAAAA+gch9Db21waWxpbmcgd2l0aCBDb250aSM2N0EzNDgucGRmAAAAAAAAAAAAAAAAAAAAAAAAAAAAAAAAAAAAAAAAAAAAZ6NIzKXCsAAAAAAAAAAAAAMAAgAACSAAAAAAAAAAAAAAAAAAAAAGUGFwZXJzABAACAAAy2ntbwAAABEACAAAzKX68AAAAAEAEAAPoHIABciZAAXImAAAuVcAAgBMTWFjaW50b3NoIEhEOlVzZXJzOgBFcmlrOgBEb2N1bWVudHM6AFBhcGVyczoAQ29tcGlsaW5nIHdpdGggQ29udGkjNjdBMzQ4LnBkZgAOAFgAKwBDAG8AbQBwAGkAbABpAG4AZwAgAHcAaQB0AGgAIABDAG8AbgB0AGkAbgB1AGEAdABpAG8AbgBzACwAIABDAG8AbgB0AGkAbgB1AGUAZAAuAHAAZABmAA8AGgAMAE0AYQBjAGkAbgB0AG8AcwBoACAASABEABIAR1VzZXJzL0VyaWsvRG9jdW1lbnRzL1BhcGVycy9Db21waWxpbmcgd2l0aCBDb250aW51YXRpb25zLCBDb250aW51ZWQucGRmAAATAAEvAAAVAAIAC///AACABdIcHR4fWCRjbGFzc2VzWiRjbGFzc25hbWWjHyAhXU5TTXV0YWJsZURhdGFWTlNEYXRhWE5TT2JqZWN0XxA7Li4vLi4vLi4vUGFwZXJzL0NvbXBpbGluZyB3aXRoIENvbnRpbnVhdGlvbnMsIENvbnRpbnVlZC5wZGbSHB0kJaIlIVxOU0RpY3Rpb25hcnkSAAGGoF8QD05TS2V5ZWRBcmNoaXZlcgAIABEAFgAfACgAMgA1ADoAPABFAEsAUgBdAGQAbABvAHEAcwB1AHgAegB8AIYAkwCYAKAClgKYAp0CpgKxArUCwwLKAtMDEQMWAxkDJgMrAAAAAAAAAgEAAAAAAAAAKAAAAAAAAAAAAAAAAAAAAz0=}}


@inproceedings{Klein:2012uq,
	Address = {New York, NY, USA},
	Author = {Klein, Casey and Clements, John and Dimoulas, Christos and Eastlund, Carl and Felleisen, Matthias and Flatt, Matthew and McCarthy, Jay A. and Rafkind, Jon and Tobin-Hochstadt, Sam and Findler, Robert Bruce},
	Booktitle = {Proceedings of the 39th annual ACM SIGPLAN-SIGACT symposium on Principles of programming languages},
	Pages = {285--296},
	Publisher = {ACM},
	Series = {POPL '12},
	Title = {Run Your Research: On the Effectiveness of Lightweight Mechanization},
	Year = {2012}}

@inproceedings{Sabry:1992zr,
	Address = {New York, NY, USA},
	Author = {Sabry, Amr and Felleisen, Matthias},
	Booktitle = {Proceedings of the 1992 ACM Conference on LISP and Functional Programming},
	Date-Added = {2012-10-13 23:40:25 +0000},
	Date-Modified = {2012-10-13 23:41:35 +0000},
	Pages = {288--298},
	Publisher = {ACM},
	Series = {LFP '92},
	Title = {Reasoning about Programs in Continuation-Passing Style},
	Year = {1992},
	Bdsk-File-1 = {YnBsaXN0MDDUAQIDBAUIJidUJHRvcFgkb2JqZWN0c1gkdmVyc2lvblkkYXJjaGl2ZXLRBgdUcm9vdIABqAkKFRYXGyIjVSRudWxs0wsMDQ4RElpOUy5vYmplY3RzViRjbGFzc1dOUy5rZXlzog8QgASABoAHohMUgAKAA1lhbGlhc0RhdGFccmVsYXRpdmVQYXRo0hgMGRpXTlMuZGF0YU8RAh4AAAAAAh4AAgAADE1hY2ludG9zaCBIRAAAAAAAAAAAAAAAAAAAAMtppx9IKwAAAA+gch9SZWFzb25pbmcgYWJvdXQgUHJvZyM2NjBEMzQucGRmAAAAAAAAAAAAAAAAAAAAAAAAAAAAAAAAAAAAAAAAAAAAZg00zJ5c0gAAAAAAAAAAAAMAAgAACSAAAAAAAAAAAAAAAAAAAAAGUGFwZXJzABAACAAAy2ntbwAAABEACAAAzJ6VEgAAAAEAEAAPoHIABciZAAXImAAAuVcAAgBMTWFjaW50b3NoIEhEOlVzZXJzOgBFcmlrOgBEb2N1bWVudHM6AFBhcGVyczoAUmVhc29uaW5nIGFib3V0IFByb2cjNjYwRDM0LnBkZgAOAHYAOgBSAGUAYQBzAG8AbgBpAG4AZwAgAGEAYgBvAHUAdAAgAFAAcgBvAGcAcgBhAG0AcwAgAGkAbgAgAEMAbwBuAHQAaQBuAHUAYQB0AGkAbwBuAC0AUABhAHMAcwBpAG4AZwAgAFMAdAB5AGwAZQAuAHAAZABmAA8AGgAMAE0AYQBjAGkAbgB0AG8AcwBoACAASABEABIAVlVzZXJzL0VyaWsvRG9jdW1lbnRzL1BhcGVycy9SZWFzb25pbmcgYWJvdXQgUHJvZ3JhbXMgaW4gQ29udGludWF0aW9uLVBhc3NpbmcgU3R5bGUucGRmABMAAS8AABUAAgAL//8AAIAF0hwdHh9YJGNsYXNzZXNaJGNsYXNzbmFtZaMfICFdTlNNdXRhYmxlRGF0YVZOU0RhdGFYTlNPYmplY3RfEEouLi8uLi8uLi9QYXBlcnMvUmVhc29uaW5nIGFib3V0IFByb2dyYW1zIGluIENvbnRpbnVhdGlvbi1QYXNzaW5nIFN0eWxlLnBkZtIcHSQloiUhXE5TRGljdGlvbmFyeRIAAYagXxAPTlNLZXllZEFyY2hpdmVyAAgAEQAWAB8AKAAyADUAOgA8AEUASwBSAF0AZABsAG8AcQBzAHUAeAB6AHwAhgCTAJgAoALCAsQCyQLSAt0C4QLvAvYC/wNMA1EDVANhA2YAAAAAAAACAQAAAAAAAAAoAAAAAAAAAAAAAAAAAAADeA==}}
